@Electronic{makeblock,
	Title = {\href{https://www.makeblock.es/}{Oficial Makeblock Website}},
	url = {https://www.makeblock.es/},
	author = {Makeblock}
}
@Electronic{mblock,
	Title = {\href{https://www.mblock.cc/en-us/blog}{mBlock}},
	url = {https://www.mblock.cc/en-us/blog/},
	author = {{MIT Massachusetts Institute of Technology}}
}

@Electronic{JdeRobot,
	Title   = {\href{https://www.mdpi.com/2079-9292/8/8/899}{PyBoKids}},
	Url     = {https://www.mdpi.com/2079-9292/8/8/899},
	author  = {{Vega, Julio} and {Cañas, Jose María}}
}


@Electronic{arduinoURL,
	Title   = {\href{https://arduino.cl/}{Oficial Arduino website}},
	Url     = {https://arduino.cl/},
	author  = {Arduino}
}

@Electronic{PythonRef,
	Title   = {\href{https://docs.python.org/es/3/reference/index.html}{Oficial Python reference}},
	Url     = {https://docs.python.org/es/3/reference/index.html},
	author  = {Python}
}
@Electronic{Roberta,
	Title   = {\href{https://lab.open-roberta.org/#}{Plataforma de robótica educativa Roberta}},
	Url     = {https://lab.open-roberta.org/#},
	author  = {Google}
}
@Electronic{Lego,
	Title   = {\href{https://www.lego.com/es-es/themes/boost}{Robots educativos Lego}},
	Url     = {https://www.lego.com/es-es/themes/boost},
	author  = {Lego}
}

@Electronic{Kibotics,
	Title   = {\href{https://kibotics.org}{Kibotics}},
	Url     = {https://kibotics.org},
	author  = {JdeRobot}
}
@Electronic{arduinolenguaje,
	Title = {\href{https://www.arduino.cc/reference/es/}Referencia lenguaje Arduino},
	url = {https://www.arduino.cc/reference/es/},
	author = {Arduino}
}





