@Electronic{JdeRobot,
	Title   = {PyBoKids},
	Url     = {https://www.mdpi.com/2079-9292/8/8/899},
	author  = {{Vega, Julio} and {Cañas, Jose María}}
}


@Electronic{arduinoURL,
	Title   = {Oficial Arduino website},
	Url     = {https://arduino.cl/},
	author  = {Arduino}
}

@Electronic{PythonRef,
	Title   = {Oficial Python reference},
	Url     = {https://docs.python.org/es/3/reference/index.html},
author  = {Python}
}



@Electronic{makeblock,
	Title = {Oficial Makeblock website},
	url = {https://www.makeblock.es/},
	author = {Makeblock}
}

@Electronic{arduinolenguaje,
	Title = {Referencia lenguaje Arduino},
	url = {https://www.arduino.cc/reference/es/},
	author = {Arduino}
}





